
@inproceedings{drawing,
 author = {Litwinowicz, Peter and Williams, Lance},
 title = {Animating images with drawings},
 booktitle = {SIGGRAPH},
 year = {1994},
pages = {409-412},
}
@inproceedings{performance_driven,
 author = {Williams, Lance},
 title = {Performance-driven facial animation},
 booktitle = {SIGGRAPH},
 year = {1990},
 pages = {235-242},
}
@inproceedings{feature_based,
 author = {Beier, Thaddeus and Neely, Shawn},
 title = {Feature-based image metamorphosis},
 booktitle = {SIGGRAPH},
 year = {1992},
 pages = {35-42},
}
@book{facs,
author = {Ekman, Paul and Friesen, Wallace V.},
title = {Facial action coding system: a technique for the measurement of facial movement},
publisher = {Consulting Psychologists Press},
address = {Palo Alto},
year = {1978},
}
@inproceedings{morphable,
 author = {Blanz, Volker and Vetter, Thomas},
 title = {A morphable model for the synthesis of 3D faces},
 booktitle = {SIGGRAPH},
 year = {1999},
 pages = {187-194},
}

@inproceedings{eccv10,
 author = {Kemelmacher-Shlizerman, Ira and Sankar, Aditya and Shechtman, Eli and Seitz, Steven M.},
 title = {Being John Malkovich},
 booktitle = {ECCV},
 year = {2010},
 pages = {341-353},
}
@article{photobios,
 author = {Kemelmacher-Shlizerman, Ira and Shechtman, Eli and Garg, Rahul and Seitz, Steven M.},
 title = {Exploring photobios},
 journal = {ACM Trans. Graphics},
 year = {2011},
 pages = {61:1-61:10},
}
@inproceedings{eri,
 author = {Liu, Zicheng and Shan, Ying and Zhang, Zhengyou},
 title = {Expressive expression mapping with ratio images},
 booktitle = {SIGGRAPH},
 year = {2001},
 pages = {271--276},
}
@article{multilinear,
 author = {Vlasic, Daniel and Brand, Matthew and Pfister, Hanspeter and Popovi\'{c}, Jovan},
 title = {Face transfer with multilinear models},
 journal = {ACM Trans. Graph.},
 year = {2005},
 volume = {24},
 number = {3},
 pages = {426-433},
}

@article{realtime_kinect,
 author = {Weise, Thibaut and Bouaziz, Sofien and Li, Hao and Pauly, Mark},
 title = {Realtime performance-based facial animation},
 journal = {ACM Trans. Graph.},
 year = {2011},
 pages = {77:1-77:10},
}
@article{geometry_driven,
author={Qingshan Zhang and Liu, Z. and Baining Quo and Terzopoulos, D. and Heung-Yeung Shum},
journal={IEEE TVCG},
title={Geometry-driven photorealistic facial expression synthesis},
year={2006},
volume={12},
number={1},
pages={48-60},
}
@article{xufeng,
 author = {Xu, Feng and Liu, Yebin and Stoll, Carsten and Tompkin, James and Bharaj, Gaurav
        and Dai, Qionghai and Seidel, Hans-Peter and Kautz, Jan and Theobalt, Christian},
 title = {Video-based characters: creating new human performances from a multi-view video database},
 journal = {ACM Trans. Graph.},
 year = {2011},
 pages = {32:1-32:10},
}
@article{asm,
title = "Active Shape Models-Their Training and Application",
author = "T.F. Cootes and C.J. Taylor and D.H. Cooper and J. Graham",
journal = "Computer Vision and Image Understanding",
year = "1995",
volume = "61",
number = "1",
pages = "38-59",
}
@ARTICLE{suo,
author={Zhiheng Niu and Shiguang Shan and Xilin Chen},
journal={IEEE Signal Processing Letters},
title={Facial Shape Localization Using Probability Gradient Hints},
year={2009},
pages={897-900},
}
@phdthesis{celiu,
 author = {Liu, Ce},
 title = {Beyond Pixels: Exploring New Representations and Applications for Motion Analysis},
 school = {MIT},
 year = {2009},
}
@article{expression_flow,
 author = {Yang, Fei and Wang, Jue and Shechtman, Eli and Bourdev, Lubomir and Metaxas, Dimitri},
 title = {Expression flow for 3D-aware face component transfer},
 journal = {ACM Trans. Graph.},
 year = {2011},
 pages = {60:1-60:10},
}

@book{algorithm,
 author =      {Cormen, Thomas H. and Leiserson, Charles E. and Riverst, Ronald L. and Stein, Clifford},
 title=        {Introduction to algorithms},
 publisher =   {MIT press},
 year =        {2009},
 address =     {Cambridge},
}

@article{spacetime,
  author = {Li, Zhang and Snavely, Noah and Curless, Brian and Seitz, Steven M.},
  journal = {ACM Trans. Graph.},
  title = {Spacetime faces: high resolution capture for modeling and animation.},
  year = {2004},
  volume = {23},
 number = {3},
 pages = {548-558},
}


@inproceedings{photographs,
 author = {Pighin, Fr\'{e}d\'{e}ric and Hecker, Jamie and Lischinski, Dani and Szeliski, Richard and Salesin, David H.},
 title = {Synthesizing realistic facial expressions from photographs},
 booktitle = {SIGGRAPH},
 year = {1998},
 pages = {75-84},
}

@article{reanimating,
  author    = {Volker Blanz and
               Curzio Basso and
               Tomaso Poggio and
               Thomas Vetter},
  title     = {Reanimating Faces in Images and Video},
  journal   = {Computer Graphics Forum},
  year      = {2003},
  volume    ={22},
  number    ={3},
  pages     = {641-650},
}

@article {replacement,
 author = {Kevin Dale and Kalyan Sunkavalli and Micah K. Johnson and Daniel Vlasic and Wojciech Matusik and Hanspeter Pfister},
 title = {Video Face Replacement},
 journal = {ACM Trans. Graph.},
 year = {2011},
 pages = {130:1--130:10},
 }

@ARTICLE{lbp,
author={Ojala, T. and Pietikainen, M. and Maenpaa, T.},
journal={IEEE TPAMI},
title={Multiresolution gray-scale and rotation invariant texture classification with local binary patterns},
year={2002},
volume={24},
number={7},
pages={971-987},
}
@INPROCEEDINGS{CK+,
author={Lucey, P. and Cohn, J.F. and Kanade, T. and Saragih, J. and Ambadar, Z. and Matthews, I.},
booktitle={CVPR Workshops},
title={The Extended Cohn-Kanade Dataset (CK+): A complete dataset for action unit and emotion-specified expression},
year={2010},
pages={94-101},
}

@inproceedings{ViewMorphing,
  author    = {Steven M. Seitz and
               Charles R. Dyer},
  title     = {View Morphing},
  booktitle = {SIGGRAPH},
  year      = {1996},
  pages     = {21-30},
}
@inproceedings{Kovar_Gleicher,
 author = {Kovar, Lucas and Gleicher, Michael},
 title = {Flexible automatic motion blending with registration curves},
 booktitle = {SCA},
 year = {2003},
 pages = {214-224},
}
@INPROCEEDINGS{Saragih,
author={Saragih, Jason M. and Lucey, Simon and Cohn, Jeffrey F.},
booktitle={FG},
title={Real-time avatar animation from a single image},
year={2011},
pages={117-124},
}
@INPROCEEDINGS{CERT,
author={Littlewort, G. and Whitehill, J. and Tingfan Wu and Fasel, I. and Frank, M. and Movellan, J. and Bartlett, M.},
booktitle={FG},
title={The computer expression recognition toolbox (CERT)},
year={2011},
pages={298-305},
}
@INPROCEEDINGS{Gabor,
author={Lyons, M. and Akamatsu, S. and Kamachi, M. and Gyoba, J.},
booktitle={FG},
title={Coding facial expressions with Gabor wavelets},
year={1998},
pages={200-205},
}
@ARTICLE{AAM,
author={Cootes, T.F. and Edwards, G.J. and Taylor, C.J.},
journal={IEEE TPAMI},
title={Active appearance models},
year={2001},
volume={23},
number={6},
pages={681-685},
}
@inproceedings{face_off,
 author = {Weise, Thibaut and Li, Hao and Van Gool, Luc and Pauly, Mark},
 title = {Face/Off: live facial puppetry},
 booktitle = {SCA},
 year = {2009},
 pages = {7-16},
}
@inproceedings{cloning,
 author = {Noh, Jun-yong and Neumann, Ulrich},
 title = {Expression cloning},
 booktitle = {SIGGRAPH},
 year = {2001},
 pages = {277-288},
}
@ARTICLE{deng,
author={Yue Deng and Qionghai Dai and Zengke Zhang},
journal={IEEE Trans. Image Process.},
title={Graph Laplace for Occluded Face Completion and Recognition},
year={2011},
volume={20},
number={8},
pages={2329 -2338},
}
