@incollection{wang2007semi,
  title={Semi-latent dirichlet allocation: A hierarchical model for human action recognition},
  author={Wang, Yang and Sabzmeydani, Payam and Mori, Greg},
  booktitle={Human Motion--Understanding, Modeling, Capture and Animation},
  pages={240--254},
  year={2007},
  publisher={Springer}
}

@article{wei2010videomocap,
  title={Videomocap: modeling physically realistic human motion from monocular video sequences},
  author={Wei, Xiaolin and Chai, Jinxiang},
  journal={ACM Transactions on Graphics (TOG)},
  volume={29},
  number={4},
  pages={42},
  year={2010},
  publisher={ACM}
}

@inproceedings{wei2009modeling,
  title={Modeling 3d human poses from uncalibrated monocular images},
  author={Wei, Xiaolin K and Chai, Jinxiang},
  booktitle={Computer Vision, 2009 IEEE 12th International Conference on},
  pages={1873--1880},
  year={2009},
  organization={IEEE}
}

@article{agarwal2006recovering,
  title={Recovering 3D human pose from monocular images},
  author={Agarwal, Ankur and Triggs, Bill},
  journal={Pattern Analysis and Machine Intelligence, IEEE Transactions on},
  volume={28},
  number={1},
  pages={44--58},
  year={2006},
  publisher={IEEE}
}

@inproceedings{bo2008fast,
  title={Fast algorithms for large scale conditional 3D prediction},
  author={Bo, Liefeng and Sminchisescu, Cristian and Kanaujia, Atul and Metaxas, Dimitris},
  booktitle={Computer Vision and Pattern Recognition, 2008. CVPR 2008. IEEE Conference on},
  pages={1--8},
  year={2008},
  organization={IEEE}
}

@inproceedings{burenius20133d,
  title={3D Pictorial Structures for Multiple View Articulated Pose Estimation},
  author={Burenius, Magnus and Sullivan, Josephine and Carlsson, Stefan},
  booktitle={Computer Vision and Pattern Recognition, 2013. CVPR 2013. IEEE Conference on},
  year={2013},
  organization={IEEE}
}

@TECHREPORT{Poppe2007,
 	author={R.W. Poppe},
 	title={Evaluating Example-based Pose Estimation: Experiments on the HumanEva Sets},
 	year=2007,
 	type={Technical Report},
 	number={TR-CTIT-07-72},
 	address={Enschede},
 	publisher={Centre for Telematics and Information Technology University of Twente}
}

@article{bo2010twin,
  title={Twin gaussian processes for structured prediction},
  author={Bo, Liefeng and Sminchisescu, Cristian},
  journal={International Journal of Computer Vision},
  volume={87},
  number={1-2},
  pages={28--52},
  year={2010},
  publisher={Springer}
}

@article{felzenszwalb2005pictorial,
  title={Pictorial structures for object recognition},
  author={Felzenszwalb, Pedro F and Huttenlocher, Daniel P},
  journal={International Journal of Computer Vision},
  volume={61},
  number={1},
  pages={55--79},
  year={2005},
  publisher={Springer}
}

@inproceedings{ferrari2008progressive,
  title={Progressive search space reduction for human pose estimation},
  author={Ferrari, Vittorio and Marin-Jimenez, Manual and Zisserman, Andrew},
  booktitle={Computer Vision and Pattern Recognition, 2008. CVPR 2008. IEEE Conference on},
  pages={1--8},
  year={2008},
  organization={IEEE}
}

@article{ramanan2007learning,
  title={Learning to parse images of articulated bodies},
  author={Ramanan, Deva},
  journal={Advances in neural information processing systems},
  volume={19},
  pages={1129},
  year={2007},
  publisher={MIT; 1998}
}

@inproceedings{andriluka2009pictorial,
  title={Pictorial structures revisited: People detection and articulated pose estimation},
  author={Andriluka, Mykhaylo and Roth, Stefan and Schiele, Bernt},
  booktitle={Computer Vision and Pattern Recognition, 2009. CVPR 2009. IEEE Conference on},
  pages={1014--1021},
  year={2009},
  organization={IEEE}
}

@inproceedings{gkiox2013ariarticulated,
  title={Articulated Pose Estimation using Discriminative Armlet Classifiers},
  author={Gkioxari, Georgia and Arbel{\'a}ez, Pablo and Bourdev, Lubomir and Malik, Jitendra},
  booktitle={Computer Vision and Pattern Recognition, 2013. CVPR 2013. IEEE Conference on},
  year={2013},
  organization={IEEE}
}

@inproceedings{wang2013beyond,
  title={Beyond Physical Connections: Tree Models in Human Pose Estimation},
  author={Wang, Fang and Li, Yi},
  booktitle={Computer Vision and Pattern Recognition, 2013. CVPR 2013. IEEE Conference on},
  year={2013},
  organization={IEEE}
}

@inproceedings{Johnson10LSP,
   title = {Clustered Pose and Nonlinear Appearance Models for Human Pose Estimation},
   author = {Johnson, Sam and Everingham, Mark},
   year = {2010},
   booktitle = {Proceedings of the British Machine Vision Conference},
   note = {doi:10.5244/C.24.12}
}

@inproceedings{yang2011articulated,
  title={Articulated pose estimation with flexible mixtures-of-parts},
  author={Yang, Yi and Ramanan, Deva},
  booktitle={Computer Vision and Pattern Recognition (CVPR), 2011 IEEE Conference on},
  pages={1385--1392},
  year={2011},
  organization={IEEE}
}

@incollection{tian2012exploring,
  title={Exploring the spatial hierarchy of mixture models for human pose estimation},
  author={Tian, Yuandong and Zitnick, C Lawrence and Narasimhan, Srinivasa G},
  booktitle={Computer Vision--ECCV 2012},
  pages={256--269},
  year={2012},
  publisher={Springer}
}

@incollection{agarwal2006local,
  title={A local basis representation for estimating human pose from cluttered images},
  author={Agarwal, Ankur and Triggs, Bill},
  booktitle={Computer Vision--ACCV 2006},
  pages={50--59},
  year={2006},
  publisher={Springer}
}

@article{rosales2002learning,
  title={Learning body pose via specialized maps},
  author={Rosales, R{\'o}mer and Sclaroff, Stan},
  journal={Advances in neural information processing systems},
  pages={227-229},
  year={2002},
  organization={NIPS}
}

@inproceedings{shakhnarovich2003fast,
  title={Fast pose estimation with parameter-sensitive hashing},
  author={Shakhnarovich, Gregory and Viola, Paul and Darrell, Trevor},
  booktitle={Computer Vision, 2003. Proceedings. Ninth IEEE International Conference on},
  pages={750--757},
  year={2003},
  organization={IEEE}
}

@inproceedings{sminchisescu2005discriminative,
  title={Discriminative density propagation for 3d human motion estimation},
  author={Sminchisescu, Cristian and Kanaujia, Atul and Li, Zhiguo and Metaxas, Dimitris},
  booktitle={Computer Vision and Pattern Recognition, 2005. CVPR 2005. IEEE Computer Society Conference on},
  volume={1},
  pages={390--397},
  year={2005},
  organization={IEEE}
}

@inproceedings{bo2009SSLVM,
  author = {L. Bo and C. Sminchisescu},
  title = {{Supervised Spectral Latent Variable Models}},
  booktitle = {Artificial Intelligence and Statistics},
  year = {2009},
  month = {April},
  pdf = {http://sminchisescu.ins.uni-bonn.de/papers/sslvm-aistats09.pdf 1}
}
